<marc:collection xmlns:marc="http://www.loc.gov/MARC21/slim" xmlns:xsi="http://www.w3.org/2001/XMLSchema-instance" xsi:schemaLocation="http://www.loc.gov/MARC21/slim http://www.loc.gov/standards/marcxml/schema/MARC21slim.xsd">
    <marc:record type="Bibliographic">
        <marc:leader>01836cea a2200361 a 4500</marc:leader>
        <marc:controlfield tag="001">7022095</marc:controlfield>
        <marc:controlfield tag="005">20120328091921.0</marc:controlfield>
        <marc:controlfield tag="007">ad canzn</marc:controlfield>
        <marc:controlfield tag="008">030501s1843    enkd      a     0   eng d</marc:controlfield>
        <marc:datafield tag="040" ind1=" " ind2=" ">
            <marc:subfield code="a">NjP</marc:subfield>
            <marc:subfield code="c">NjP</marc:subfield>
        </marc:datafield>
        <marc:datafield tag="034" ind1="1" ind2=" ">
            <marc:subfield code="a">a</marc:subfield>
            <marc:subfield code="b">2200000</marc:subfield>
            <marc:subfield code="d">E0341000</marc:subfield>
            <marc:subfield code="e">E0412000</marc:subfield>
            <marc:subfield code="f">N0381000</marc:subfield>
            <marc:subfield code="g">N0304000</marc:subfield>
        </marc:datafield>
        <marc:datafield tag="043" ind1=" " ind2=" ">
            <marc:subfield code="a">a-sy---</marc:subfield>
            <marc:subfield code="a">aw-----</marc:subfield>
        </marc:datafield>
        <marc:datafield tag="100" ind1="1" ind2=" ">
            <marc:subfield code="a">Hughes, William,</marc:subfield>
            <marc:subfield code="d">1817-1876.</marc:subfield>
        </marc:datafield>
        <marc:datafield tag="245" ind1="1" ind2="0">
            <marc:subfield code="a">Ancient Syria</marc:subfield>
            <marc:subfield code="h">[map] /</marc:subfield>
            <marc:subfield code="c">by W. Hughes, Prof. Georgry. Coll. for Civ. Engrs. ; published under the superintendence of the Society for the Diffusion of Useful Knowledge; [engraved by] W. Hughes.</marc:subfield>
        </marc:datafield>
        <marc:datafield tag="246" ind1="3" ind2=" ">
            <marc:subfield code="i">Inset title:</marc:subfield>
            <marc:subfield code="a">Part of Arabia including Mount Sinai</marc:subfield>
        </marc:datafield>
        <marc:datafield tag="255" ind1=" " ind2=" ">
            <marc:subfield code="a">Scale [ca. 1:2,200,000]</marc:subfield>
            <marc:subfield code="c">(E 34°10ʹ--E 41°20ʹ/N 38°10ʹ--N 30°40ʹ).</marc:subfield>
        </marc:datafield>
        <marc:datafield tag="260" ind1=" " ind2=" ">
            <marc:subfield code="a">London :</marc:subfield>
            <marc:subfield code="b">Published ... by Chapman &amp; Hall ... ,</marc:subfield>
            <marc:subfield code="c">March 15th 1843.</marc:subfield>
        </marc:datafield>
        <marc:datafield tag="300" ind1=" " ind2=" ">
            <marc:subfield code="a">1 map :</marc:subfield>
            <marc:subfield code="b">hand col. ;</marc:subfield>
            <marc:subfield code="c">38 x 30 cm.</marc:subfield>
        </marc:datafield>
        <marc:datafield tag="500" ind1=" " ind2=" ">
            <marc:subfield code="a">Relief shown by hachures.</marc:subfield>
        </marc:datafield>
        <marc:datafield tag="500" ind1=" " ind2=" ">
            <marc:subfield code="a">Inset map: Part of Arabia including Mount Sinai and the wanderings of the Israelites : on the same scale.</marc:subfield>
        </marc:datafield>
        <marc:datafield tag="522" ind1=" " ind2=" ">
            <marc:subfield code="a">Covers present-day Syria, Lebanon, Palestine and parts of Jordan, Turkey and Iraq.</marc:subfield>
        </marc:datafield>
        <marc:datafield tag="651" ind1=" " ind2="0">
            <marc:subfield code="a">Syria</marc:subfield>
            <marc:subfield code="x">Antiquities</marc:subfield>
            <marc:subfield code="v">Maps.</marc:subfield>
        </marc:datafield>
        <marc:datafield tag="651" ind1=" " ind2="0">
            <marc:subfield code="a">Syria</marc:subfield>
            <marc:subfield code="x">Historical geography</marc:subfield>
            <marc:subfield code="v">Maps.</marc:subfield>
        </marc:datafield>
        <marc:datafield tag="651" ind1=" " ind2="0">
            <marc:subfield code="a">Middle East</marc:subfield>
            <marc:subfield code="x">Antiquities</marc:subfield>
            <marc:subfield code="v">Maps.</marc:subfield>
        </marc:datafield>
        <marc:datafield tag="651" ind1=" " ind2="0">
            <marc:subfield code="a">Middle East</marc:subfield>
            <marc:subfield code="x">Historical geography</marc:subfield>
            <marc:subfield code="v">Maps.</marc:subfield>
        </marc:datafield>
        <marc:datafield tag="655" ind1=" " ind2="7">
            <marc:subfield code="a">Historical maps</marc:subfield>
            <marc:subfield code="z">Middle East.</marc:subfield>
            <marc:subfield code="2">aat</marc:subfield>
        </marc:datafield>
        <marc:datafield tag="655" ind1=" " ind2="7">
            <marc:subfield code="a">Historical maps</marc:subfield>
            <marc:subfield code="z">Syria.</marc:subfield>
            <marc:subfield code="2">aat</marc:subfield>
        </marc:datafield>
        <marc:datafield tag="710" ind1="2" ind2=" ">
            <marc:subfield code="a">Society for the Diffusion of Useful Knowledge (Great Britain)</marc:subfield>
        </marc:datafield>
        <marc:datafield tag="710" ind1="2" ind2=" ">
            <marc:subfield code="a">Chapman and Hall.</marc:subfield>
        </marc:datafield>
        <marc:datafield tag="773" ind1="0" ind2=" ">
            <marc:subfield code="a">Society for the Diffusion of Useful Knowledge (Great Britain).</marc:subfield>
            <marc:subfield code="t">Maps of the Society for the Diffusion of Useful Knowledge.</marc:subfield>
            <marc:subfield code="d">London : Chapman and Hall, 1844.</marc:subfield>
            <marc:subfield code="g">[84].</marc:subfield>
            <marc:subfield code="w">(OCoLC)48036085</marc:subfield>
        </marc:datafield>
        <marc:datafield tag="856" ind1="4" ind2="1">
            <marc:subfield code="z">See the map</marc:subfield>
            <marc:subfield code="u">http://gisserver.princeton.edu/map/26671</marc:subfield>
        </marc:datafield>
        <marc:datafield tag="904" ind1=" " ind2=" ">
            <marc:subfield code="a">gls</marc:subfield>
            <marc:subfield code="b">g</marc:subfield>
            <marc:subfield code="h">n</marc:subfield>
            <marc:subfield code="c">p</marc:subfield>
            <marc:subfield code="e">20120323</marc:subfield>
        </marc:datafield>
        <marc:datafield tag="902" ind1=" " ind2=" ">
            <marc:subfield code="a">gls</marc:subfield>
            <marc:subfield code="b">o</marc:subfield>
            <marc:subfield code="6">e</marc:subfield>
            <marc:subfield code="7">a</marc:subfield>
            <marc:subfield code="d">v</marc:subfield>
            <marc:subfield code="f">1</marc:subfield>
            <marc:subfield code="e">20120326</marc:subfield>
        </marc:datafield>
    </marc:record>
    <marc:record type="Holdings">
        <marc:leader>00172nx  a22000851  4500</marc:leader>
        <marc:controlfield tag="001">6907796</marc:controlfield>
        <marc:controlfield tag="004">7022095</marc:controlfield>
        <marc:controlfield tag="005">20120323144613.0</marc:controlfield>
        <marc:controlfield tag="008">1203234u    8   1001uu   0901128</marc:controlfield>
        <marc:datafield tag="852" ind1="0" ind2=" ">
            <marc:subfield code="b">map</marc:subfield>
            <marc:subfield code="h">HMC01.2652</marc:subfield>
        </marc:datafield>
    </marc:record>
</marc:collection>
